@string{anch-ie = {Angew.~Chem. Int.~Ed.}}
@string{cup     = {Cambridge University Press}}
@string{dtv     = {Deutscher Taschenbuch-Verlag}}
@string{hup     = {Harvard University Press}}
@string{jams    = {J.~Amer. Math. Soc.}}
@string{jchph   = {J.~Chem. Phys.}}
@string{jomch   = {J.~Organomet. Chem.}}
@string{pup     = {Princeton University Press}}

@article{nintermod,
  author       = {Begoña Losada, Maite Urretavizcaya, Isabel Fdez. de Castro},
  title        = {\textit{N\_InterMod}: Una Propuesta de notación de Diálogo enriquecida para el desarrollo ágil de aplicaciones interactivas},
  journal     = {Ibergarceta publicaciones, S.L.},
  year        = {2010},
  howpublished = "\url{http://galan.ehu.es/Galan/sites/default/files/N_InterMod-18154-autores.pdf}",
  note = {(visto 9-10-14)},
}

@misc{apachecordova,
  title        = {The Apache Software Foundation},
  howpublished = "\url{https://cordova.apache.org/}",
  note = {(visto 1-12-14)},
}

@misc{fontawesome,
  title        = {Font Awesome},
  howpublished = "\url{http://fortawesome.github.io/Font-Awesome/}",
  note = {(visto 1-12-14)},
}

@misc{manifiestoagil,
  title        = {Manifiesto Ágil},
  howpublished = "\url{http://www.agilemanifesto.org/iso/es}",
  note = {(visto 24-3-15)},
}